@misc{MCMC,
    title     = "Multiple Imputation",
    url       = "https://www.sciencedirect.com/topics/mathematics/multiple-imputation",
    urldate   = {2013-03-16},
}

@misc{MI,
    title     = "Multiple Imputation",
    url       = "https://www.sciencedirect.com/topics/mathematics/markov-chain-monte-carlo",
    urldate   = {2021-03-16},
}

@misc{mean,
    author = "{Wikipedia contributors}",
    title = "Imputation (statistics) --- {Wikipedia}{,} The Free Encyclopedia",
    year = "2021",
    url = "https://en.wikipedia.org/w/index.php?title=Imputation_(statistics)&oldid=1008010784",
    note = "[Online; accessed 17-March-2021]"
  }

@misc{knn,
    author = "{Wikipedia contributors}",
    title = "K-nearest neighbors algorithm --- {Wikipedia}{,} The Free Encyclopedia",
    year = "2021",
    url = "https://en.wikipedia.org/w/index.php?title=K-nearest_neighbors_algorithm&oldid=1008084290",
    note = "[Online; accessed 17-March-2021]"
  }

@misc{gain,
    author = "{Wikipedia contributors}",
    title = "Information gain ratio --- {Wikipedia}{,} The Free Encyclopedia",
    year = "2020",
    url = "https://en.wikipedia.org/w/index.php?title=Information_gain_ratio&oldid=989357658",
    note = "[Online; accessed 17-March-2021]"
  }

@misc{ml,
    author = "Prashant Gupta",
    title = "Boosting the accuracy of your Machine Learning models",
    year = "2017",
    url = "https://towardsdatascience.com/boosting-the-accuracy-of-your-machine-learning-models-f878d6a2d185",
    note = "[Online; accessed 17-March-2021]"
  }

@misc{bootstrapping,
    author = "{Wikipedia contributors}",
    title = "Bootstrapping (statistics) --- {Wikipedia}{,} The Free Encyclopedia",
    year = "2021",
    url = "https://en.wikipedia.org/w/index.php?title=Bootstrapping_(statistics)&oldid=1012087618",
    note = "[Online; accessed 17-March-2021]"
  }

@misc{hamming,
    author = "{Wikipedia contributors}",
    title = "Hamming distance --- {Wikipedia}{,} The Free Encyclopedia",
    year = "2021",
    url = "https://en.wikipedia.org/w/index.php?title=Hamming_distance&oldid=1010297689",
    note = "[Online; accessed 17-March-2021]"
  }

  @misc{women,
    author = "{Wikipedia contributors}",
    title = "Women and children first --- {Wikipedia}{,} The Free Encyclopedia",
    year = "2021",
    url = "https://en.wikipedia.org/w/index.php?title=Women_and_children_first&oldid=1010032695",
    note = "[Online; accessed 17-March-2021]"
  }