@misc{vg,
    author    = "Selma Heiberg Hellstrand",
    title     = "BER STUDENTENE HOLDE SEG HJEMME",
    url       = "https://direkte.vg.no/nyhetsdognet/news/ber-studentene-holde-seg-hjemme.VzEuw8CSN",
    date      =  2021,
    month     = jan,
    day       = 2
}